<record><leader>00000cas a22000007a 4500</leader><controlfield tag="001">27781314</controlfield><controlfield tag="008">930323d190819uuokuwr n       0    0eng d</controlfield><datafield ind1=" " ind2=" " tag="010"><subfield code="a">sn 93065957 </subfield></datafield><datafield ind1=" " ind2=" " tag="040"><subfield code="a">OBN</subfield><subfield code="b">eng</subfield><subfield code="c">OBN</subfield><subfield code="d">OCLCQ</subfield><subfield code="d">OCLCO</subfield></datafield><datafield ind1=" " ind2=" " tag="042"><subfield code="a">msc</subfield></datafield><datafield ind1=" " ind2=" " tag="043"><subfield code="a">n-us-ok</subfield></datafield><datafield ind1="0" ind2="0" tag="245"><subfield code="a">Keota review.</subfield></datafield><datafield ind1=" " ind2=" " tag="260"><subfield code="a">Keota, Okla. :</subfield><subfield code="b">s.n. Yeary</subfield></datafield><datafield ind1=" " ind2=" " tag="300"><subfield code="a">v.</subfield></datafield><datafield ind1=" " ind2=" " tag="310"><subfield code="a">Weekly</subfield></datafield><datafield ind1=" " ind2=" " tag="588"><subfield code="a">Description based on: Vol. 1, no. 36 (Mar. 13, 1908).</subfield></datafield><datafield ind1=" " ind2="0" tag="651"><subfield code="a">Keota (Okla.)</subfield><subfield code="v">Newspapers.</subfield></datafield><datafield ind1=" " ind2="0" tag="651"><subfield code="a">Haskell County (Okla.)</subfield><subfield code="v">Newspapers.</subfield></datafield><datafield ind1=" " ind2=" " tag="752"><subfield code="a">United States</subfield><subfield code="b">Oklahoma</subfield><subfield code="c">Haskell</subfield><subfield code="d">Keota.</subfield></datafield><datafield ind1="0" ind2="0" tag="785"><subfield code="t">Haskell County Chant news</subfield><subfield code="w">(DLC)sn 93065965</subfield></datafield></record>